<record><leader>00000cas a22000007a 4500</leader><controlfield tag="001">14950363</controlfield><controlfield tag="008">861210d18881974txuwr ne      0    0eng d</controlfield><datafield ind1=" " ind2=" " tag="010"><subfield code="a">sn 86090430 </subfield></datafield><datafield ind1=" " ind2=" " tag="040"><subfield code="a">PPM</subfield><subfield code="b">eng</subfield><subfield code="c">PPM</subfield><subfield code="d">NSD</subfield><subfield code="d">OCLCQ</subfield></datafield><datafield ind1=" " ind2=" " tag="042"><subfield code="a">msc</subfield></datafield><datafield ind1="0" ind2="4" tag="245"><subfield code="a">The Wharton spectator.</subfield></datafield><datafield ind1=" " ind2=" " tag="260"><subfield code="a">Wharton, Tex. :</subfield><subfield code="b">Wharton Spectator Print. Co.</subfield></datafield><datafield ind1=" " ind2=" " tag="300"><subfield code="a">v. :</subfield><subfield code="b">ill.</subfield></datafield><datafield ind1=" " ind2=" " tag="310"><subfield code="a">Weekly</subfield></datafield><datafield ind1="1" ind2=" " tag="362"><subfield code="a">Began in 1888? Ceased May 5, 1974.</subfield></datafield><datafield ind1=" " ind2=" " tag="588"><subfield code="a">Description based on: Vol. 26, no. 5 (Jan. 2, 1914).</subfield></datafield><datafield ind1=" " ind2=" " tag="752"><subfield code="a">United States</subfield><subfield code="b">Texas</subfield><subfield code="c">Wharton</subfield><subfield code="d">Wharton.</subfield></datafield><datafield ind1="0" ind2="7" tag="785"><subfield code="t">Wharton journal</subfield><subfield code="w">(DLC)sn 86090372</subfield></datafield><datafield ind1="0" ind2="7" tag="785"><subfield code="t">Wharton journal-spectator</subfield><subfield code="x">1076-7266</subfield><subfield code="w">(DLC)sn 86090371</subfield></datafield></record>